%% LaTeX2e file `sbs_work_comparison.bib'
%% generated by the `filecontents' environment
%% from source `sbs_work_comparison' on 2024/05/11.
%%
 @inproceedings{mei2017200mhz,
  title={A 200mhz 202.4 gflops@ 10.8 w vgg16 accelerator in xilinx vx690t},
  author={Mei, Chunsheng and Liu, Zhenyu and Niu, Yue and Ji, Xiangyang and Zhou, Wei and Wang, Dongsheng},
  booktitle={2017 IEEE Global Conference on Signal and Information Processing (GlobalSIP)},
  pages={784--788},
  year={2017},
  organization={IEEE}
 }
 @article{wu2021low,
  title={Low-precision Floating-point Arithmetic for High-performance FPGA-based CNN Acceleration},
  author={Wu, Chen and Wang, Mingyu and Chu, Xinyuan and Wang, Kun and He, Lei},
  journal={ACM Transactions on Reconfigurable Technology and Systems (TRETS)},
  volume={15},
  number={1},
  pages={1--21},
  year={2021},
  publisher={ACM New York, NY}
 }
 @article{lian2019high,
  title={High-performance FPGA-based CNN accelerator with block-floating-point arithmetic},
  author={Lian, Xiaocong and Liu, Zhenyu and Song, Zhourui and Dai, Jiwu and Zhou, Wei and Ji, Xiangyang},
  journal={IEEE Transactions on Very Large Scale Integration (VLSI) Systems},
  volume={27},
  number={8},
  pages={1874--1885},
  year={2019},
  publisher={IEEE}
 }
 @inproceedings{meloni2019cnn,
  title={CNN hardware acceleration on a low-power and low-cost APSoC},
  author={Meloni, Paolo and Garufi, Antonio and Deriu, Gianfranco and Carreras, Marco and Loi, Daniela},
  booktitle={2019 Conference on Design and Architectures for Signal and Image Processing (DASIP)},
  pages={7--12},
  year={2019},
  organization={IEEE}
 }
